@Article{TechRep,
  Title                    = "Belle II Technical Design Report",
  Author                   = "T. Abe and \textit{et al.}",
  Year                     = "2010",
}

@article{PhBook,
   title={The Belle II Physics Book},
   volume={2019},
   ISSN={2050-3911},
   url={http://dx.doi.org/10.1093/ptep/ptz106},
   DOI={10.1093/ptep/ptz106},
   number={12},
   journal={Progress of Theoretical and Experimental Physics},
   publisher={Oxford University Press (OUP)},
   author={Kou, E and Urquijo, P and Altmannshofer, W and Beaujean, F and Bell, G and Beneke, M and Bigi, I I and Bishara, F and Blanke, M and Bobeth, C and et al.},
   year={2019},
   month={Dec}
}

@ARTICLE{DAQ,
  author={S. {Yamada} and R. {Itoh} and K. {Nakamura} and M. {Nakao} and S. Y. {Suzuki} and T. {Konno} and T. {Higuchi} and Z. {Liu} and J. {Zhao}},
  journal={IEEE Transactions on Nuclear Science}, 
  title={Data Acquisition System for the Belle II Experiment}, 
  year={2015},
  volume={62},
  number={3},
  pages={1175-1180}
}

@article{LumiBelle2,
    author = "Di Carlo, Salvatore and Bambade, Philip and Jehanno, Didier and Kubytskyi, Viacheslav and Pang, Chengguo and Peinaud, Yann and Rimbault, Cecile",
    title = "{Early Phase 2 Results of LumiBelle2 for the SuperKEKB Electron Ring}",
    doi = "10.18429/JACoW-IPAC2018-THYGBE4",
    journal = "J. Phys. Conf. Ser.",
    volume = "1067",
    number = "7",
    pages = "072025",
    year = "2018"
}

@article{EPICS,
  author="L. R. Dalesio and M. R. Kraimer and A. J. Kozubal",
  title="EPICS Architecture",
  year="1991"
}

@article{superKEKB,
   title={SuperKEKB collider},
   volume={907},
   ISSN={0168-9002},
   url={http://dx.doi.org/10.1016/j.nima.2018.08.017},
   DOI={10.1016/j.nima.2018.08.017},
   journal={Nuclear Instruments and Methods in Physics Research Section A: Accelerators, Spectrometers, Detectors and Associated Equipment},
   publisher={Elsevier BV},
   author={Akai, Kazunori and Furukawa, Kazuro and Koiso, Haruyo},
   year={2018},
   month={Nov},
   pages={188â€“199}
}

@article{NSM,
  author={M. {Nakao} and S. Y. {Suzuki}},
  booktitle={1999 IEEE Conference on Real-Time Computer Applications in Nuclear Particle and Plasma Physics. 11th IEEE NPSS Real Time Conference. Conference Record (Cat. No.99EX295)}, 
  title={Network shared memory framework for the Belle data acquisition control system}, 
  year={1999},
  volume={},
  number={},
  pages={346-350}
}

@misc{BelleIIExp,
  title = {Belle II overview},
  howpublished = {\url{https://www.belle2.org}}
}

